%@article{ref_01,
%author = {Watson, James and Crick, Francis},
%title = {Molecular structure of nucleic acids},
%journal = {Nature},
%year = {1953},
%number = {4356},
%pages = {737-738},
%volume = {171},
%note = {Notas opcionales}
%}

%@online{ref_02,
%author = {Carlos Adrián Jiménez Carballo},
%title = {MOVIMIENTO ARMÓNICO SIMPLE (MAS)},
%year = {1984},
%url = {https://repositoriotec.tec.ac.cr/bitstream/handle/2238/10191/MAS.pdf?sequence=1&isAllowed=y},
%urldate = {2019-06-30}
%}

%@Book{ref_03,
%  title    = {Metodología de la Investigación},
%  year     = {2014},
%  author   = {Roberto Hernández Sampieri and Carlos Fernández Collado and Pilar Baptista Lucio},
%  %editor   = {Mc Graw-Hill / Interamericana},
%  %address  = {México},
%  %edition  = {6},
%  %keywords = {Meto},
%}

%@Article{ref_04,
%  author =  {Shibata, A. and Sozen, M. A.},
%  title =   {The Substitute Structure Method for Earthquake-Resistant Design of Reinforced Concrete Frames},
%  journal = {Research Applied to National Needs Program the National Science Foundation},
%  year =    {1976},
%  month =   {October}
%}

@Book{ref_05,
  title    = {Física Universitaria. Volumen I.},
  year     = {2013},
  author   = {Sears, Zemansky, Young, Freedman},
  editor   = {Pearson Education},
  address  = {México},
  edition  = {13},
  %keywords = {Meto},
}

@online{ref_06,
author = {Universidad Complutense de Madrid: OSCAR, Física visual en un click},
title = {ONDAS ESTACIONARIAS EN UNA CUERDA},
url = {https://www.ucm.es/data/cont/docs/76-2013-07-11-06_Standing_waves_on_strings.pdf},
}

@online{ref_07,
author = {Universidad Nacional Autónoma de Honduras UNAH-VS},
title = {LAS ONDAS},
url = {https://wfuentes30.files.wordpress.com/2016/02/guia-laboratorio-onda-en-una-cuerda.pdf},
}

@online{ref_08,
author = {Grado en ingeniería Electrónica y de Comunicaciones, Laboratorio física i},
title = {ONDA ESTACIONARIAS CUERDA VIBRANTE},
url = {https://fisicas.ucm.es/data/cont/media/www/pag-103575/Guiones/26%20Vibraci%C3%B3n%20de%20cuerdas.pdf},
}

@online{ref_09,
%author = {},
title = {MÓDULO 4: ONDAS},
url = {https://www.nebrija.es/~cmalagon/Fisica_Aplicada/transparencias/04-Ondas/15_-_ondas.pdf},
}

@online{ref_10,
author = {Universidad de Palermo, María Cecilia Tomosini},
title = {El fundamento matemático de la escala musical y sus raíces pitagóricas},
url = {https://www.palermo.edu/ingenieria/downloads/CyT6/6CyT%2003.pdf},
}